% 21423205 
@Article{pmid21423205,
   Author="Lara, R.  and Mauri, F. A.  and Taylor, H.  and Derua, R.  and Shia, A.  and Gray, C.  and Nicols, A.  and Shiner, R. J.  and Schofield, E.  and Bates, P. A.  and Waelkens, E.  and Dallman, M.  and Lamb, J.  and Zicha, D.  and Downward, J.  and Seckl, M. J.  and Pardo, O. E. ",
   Title="{{A}n si{R}{N}{A} screen identifies {R}{S}{K}1 as a key modulator of lung cancer metastasis}",
   Journal="Oncogene",
   Year="2011",
   Volume="30",
   Number="32",
   Pages="3513--3521",
   Month="Aug"
}

@Article{Halkidi,
    author = {Maria Halkidi and Yannis Batistakis and Michalis Vazirgiannis},
    title = {On Clustering Validation Techniques},
    journal = {Journal of Intelligent Information Systems},
    year = {2001},
    volume = {17},
    pages = {107--145}
}

@InProceedings{loupartial, 
	author = {Xinghua Lou and Fred Hamprecht}, 
	title = {Structured Learning from Partial Annotations}, 
	booktitle = {Proceedings of the 29th International Conference on Machine Learning (ICML-12)}, 
	series = {ICML '12}, 
	year = {2012}, 
	editor = {John Langford and Joelle Pineau}, 
	location = {Edinburgh, Scotland, GB}, 
	isbn = {978-1-4503-1285-1}, 
	month = {July}, 
	publisher = {Omnipress}, 
	address = {New York, NY, USA}, 
	pages= {1519--1526}
}

@book{Tan:2005:IDM:1095618,
 author = {Tan, Pang-Ning and Steinbach, Michael and Kumar, Vipin},
 title = {Introduction to Data Mining, (First Edition)},
 year = {2005},
 isbn = {0321321367},
 publisher = {Addison-Wesley Longman Publishing Co., Inc.},
 address = {Boston, MA, USA}
} 

@Article{ferrari,
   Author="Ferrari, R. and Manfroi, A.J. and Young, W.R. ",
   Title="{{S}trongly and weakly self-similar diffusion}",
   Journal="Physica D",
   Year="2001",
   Volume="154",
   Pages="111--137",
}

% 12585703 
@Article{pmid12585703,
   Author="Zimmer, C.  and Labruyere, E.  and Meas-Yedid, V.  and Guillen, N.  and Olivo-Marin, J. C. ",
   Title="{{S}egmentation and tracking of migrating cells in videomicroscopy with parametric active contours: a tool for cell-based drug testing}",
   Journal="IEEE Trans Med Imaging",
   Year="2002",
   Volume="21",
   Number="10",
   Pages="1212--1221",
   Month="Oct"
}

% 16888756 
@Article{pmid16888756,
   Author="Decaestecker, C.  and Debeir, O.  and Van Ham, P.  and Kiss, R. ",
   Title="{{C}an anti-migratory drugs be screened in vitro? {A} review of 2{D} and 3{D} assays for the quantitative analysis of cell migration}",
   Journal="Med Res Rev",
   Year="2007",
   Volume="27",
   Number="2",
   Pages="149--176",
   Month="Mar"
}

% 15797222 
@Article{pmid15797222,
   Author="Yarrow, J. C.  and Totsukawa, G.  and Charras, G. T.  and Mitchison, T. J. ",
   Title="{{S}creening for cell migration inhibitors via automated microscopy reveals a {R}ho-kinase inhibitor}",
   Journal="Chem. Biol.",
   Year="2005",
   Volume="12",
   Number="3",
   Pages="385--395",
   Month="Mar"
}

% 22940039 
@Article{pmid22940039,
   Author="Kramer, N.  and Walzl, A.  and Unger, C.  and Rosner, M.  and Krupitza, G.  and Hengstschlager, M.  and Dolznig, H. ",
   Title="{{I}n vitro cell migration and invasion assays}",
   Journal="Mutat. Res.",
   Year="2013",
   Volume="752",
   Number="1",
   Pages="10--24"
}


% 18711433 
@Article{pmid18711433,
   Author="Friedl, P.  and Weigelin, B. ",
   Title="{{I}nterstitial leukocyte migration and immune function}",
   Journal="Nat. Immunol.",
   Year="2008",
   Volume="9",
   Number="9",
   Pages="960--969",
   Month="Sep"
}

% 20460404 
@Article{pmid20460404,
   Author="Yilmaz, M.  and Christofori, G. ",
   Title="{{M}echanisms of motility in metastasizing cells}",
   Journal="Mol. Cancer Res.",
   Year="2010",
   Volume="8",
   Number="5",
   Pages="629--642",
   Month="May"
}

@Article{matplotlib,
  Author    = {Hunter, J. D.},
  Title     = {Matplotlib: A 2D graphics environment},
  Journal   = {Computing In Science \& Engineering},
  Volume    = {9},
  Number    = {3},
  Pages     = {90--95},
  abstract  = {Matplotlib is a 2D graphics package used for Python
  for application development, interactive scripting, and
  publication-quality image generation across user
  interfaces and operating systems.},
  publisher = {IEEE COMPUTER SOC},
  year      = 2007
}

@Misc{scipy,
  author =    {Eric Jones and Travis Oliphant and Pearu Peterson and others},
  title =     {{SciPy}: Open source scientific tools for {Python}},
  year =      {2001},
  url = "http://www.scipy.org/",
  note = {[Online; accessed 2015-01-07]}
}

% 18641657 
@Article{jaqaman,
   Author="Jaqaman, K.  and Loerke, D.  and Mettlen, M.  and Kuwata, H.  and Grinstein, S.  and Schmid, S. L.  and Danuser, G. ",
   Title="{{R}obust single-particle tracking in live-cell time-lapse sequences}",
   Journal="Nat. Methods",
   Year="2008",
   Volume="5",
   Pages="695--702",
   Month="Aug"
}
% 16043363 
@Article{pmid16043363,
   Author="Sbalzarini, I. F.  and Koumoutsakos, P. ",
   Title="{{F}eature point tracking and trajectory analysis for video imaging in cell biology}",
   Journal="J. Struct. Biol.",
   Year="2005",
   Volume="151",
   Number="2",
   Pages="182--195",
   Month="Aug"
}

% 16537454 
@Article{pmid16537454,
   Author="Collins, C. S.  and Hong, J.  and Sapinoso, L.  and Zhou, Y.  and Liu, Z.  and Micklash, K.  and Schultz, P. G.  and Hampton, G. M. ",
   Title="{{A} small interfering {R}{N}{A} screen for modulators of tumor cell motility identifies {M}{A}{P}4{K}4 as a promigratory kinase}",
   Journal="Proc. Natl. Acad. Sci. U.S.A.",
   Year="2006",
   Volume="103",
   Number="10",
   Pages="3775--3780",
   Month="Mar"
}

@incollection{lou,
	title = {Structured Learning for Cell Tracking},
	author = {Xinghua Lou and Hamprecht, Fred A},
	booktitle = {Advances in Neural Information Processing Systems 24},
	editor = {J. Shawe-Taylor and R.S. Zemel and P.L. Bartlett and F. Pereira and K.Q. Weinberger},
	pages = {1296--1304},
	year = {2011},
	publisher = {Curran Associates, Inc.},
	url = {http://papers.nips.cc/paper/4484-structured-learning-for-cell-tracking.pdf}
}

% 18213366 
@Article{pmid18213366,
   Author="Naffar-Abu-Amara, S.  and Shay, T.  and Galun, M.  and Cohen, N.  and Isakoff, S. J.  and Kam, Z.  and Geiger, B. ",
   Title="{{I}dentification of novel pro-migratory, cancer-associated genes using quantitative, microscopy-based screening}",
   Journal="PLoS ONE",
   Year="2008",
   Volume="3",
   Number="1",
   Pages="e1457"
}
% 20693996 
@Article{cellcognition,
   Author="Held, M.  and Schmitz, M. H.  and Fischer, B.  and Walter, T.  and Neumann, B.  and Olma, M. H.  and Peter, M.  and Ellenberg, J.  and Gerlich, D. W. ",
   Title="{{C}ell{C}ognition: time-resolved phenotype annotation in high-throughput live cell imaging}",
   Journal="Nat. Methods",
   Year="2010",
   Volume="7",
   Number="9",
   Pages="747--754",
   Month="Sep"
}
% 10802651 
@Article{pmid10802651,
   Author="Ashburner, M.  and Ball, C. A.  and Blake, J. A.  and Botstein, D.  and Butler, H.  and Cherry, J. M.  and Davis, A. P.  and Dolinski, K.  and Dwight, S. S.  and Eppig, J. T.  and Harris, M. A.  and Hill, D. P.  and Issel-Tarver, L.  and Kasarskis, A.  and Lewis, S.  and Matese, J. C.  and Richardson, J. E.  and Ringwald, M.  and Rubin, G. M.  and Sherlock, G. ",
   Title="{{G}ene ontology: tool for the unification of biology. {T}he {G}ene {O}ntology {C}onsortium}",
   Journal="Nat. Genet.",
   Year="2000",
   Volume="25",
   Number="1",
   Pages="25--29",
   Month="May"
}

% 19160483 
@Article{pmid19160483,
   Author="Simpson, K. J.  and Selfors, L. M.  and Bui, J.  and Reynolds, A.  and Leake, D.  and Khvorova, A.  and Brugge, J. S. ",
   Title="{{I}dentification of genes that regulate epithelial cell migration using an si{R}{N}{A} screening approach}",
   Journal="Nat. Cell Biol.",
   Year="2008",
   Volume="10",
   Number="9",
   Pages="1027--1038",
   Month="Sep"
}

% 23751374 
@Article{pmid23751374,
   Author="Zhang, H.  and Wu, P. Y.  and Ma, M.  and Ye, Y.  and Hao, Y.  and Yang, J.  and Yin, S.  and Sun, C.  and Phan, J. H.  and Wang, M. D.  and Xi, J. J. ",
   Title="{{A}n integrative approach for the large-scale identification of human genome kinases regulating cancer metastasis}",
   Journal="Nanomedicine",
   Year="2013",
   Volume="9",
   Number="6",
   Pages="732--736",
   Month="Aug"
}

% 20360735 
@Article{pmid20360735,
   Author="Neumann, B.  and Walter, T.  and Heriche, J. K.  and Bulkescher, J.  and Erfle, H.  and Conrad, C.  and Rogers, P.  and Poser, I.  and Held, M.  and Liebel, U.  and Cetin, C.  and Sieckmann, F.  and Pau, G.  and Kabbe, R.  and Wunsche, A.  and Satagopam, V.  and Schmitz, M. H.  and Chapuis, C.  and Gerlich, D. W.  and Schneider, R.  and Eils, R.  and Huber, W.  and Peters, J. M.  and Hyman, A. A.  and Durbin, R.  and Pepperkok, R.  and Ellenberg, J. ",
   Title="{{P}henotypic profiling of the human genome by time-lapse microscopy reveals cell division genes}",
   Journal="Nature",
   Year="2010",
   Volume="464",
   Number="7289",
   Pages="721--727",
   Month="Apr"
}

% 16850035 
@Article{Pepperkok2006,
   Author="Pepperkok, R.  and Ellenberg, J. ",
   Title="{{H}igh-throughput fluorescence microscopy for systems biology}",
   Journal="Nat. Rev. Mol. Cell Biol.",
   Year="2006",
   Volume="7",
   Number="9",
   Pages="690--696",
   Month="Sep"
}


% 22660414 
@Article{Simpson2012,
   Author="Simpson, J. C.  and Joggerst, B.  and Laketa, V.  and Verissimo, F.  and Cetin, C.  and Erfle, H.  and Bexiga, M. G.  and Singan, V. R.  and Heriche, J. K.  and Neumann, B.  and Mateos, A.  and Blake, J.  and Bechtel, S.  and Benes, V.  and Wiemann, S.  and Ellenberg, J.  and Pepperkok, R. ",
   Title="{{G}enome-wide {R}{N}{A}i screening identifies human proteins with a regulatory function in the early secretory pathway}",
   Journal="Nat. Cell Biol.",
   Year="2012",
   Volume="14",
   Number="7",
   Pages="764--774",
   Month="Jul"
}

@article{Collinet2010,
abstract = {Endocytosis is a complex process fulfilling many cellular and developmental functions. Understanding how it is regulated and integrated with other cellular processes requires a comprehensive analysis of its molecular constituents and general design principles. Here, we developed a new strategy to phenotypically profile the human genome with respect to transferrin (TF) and epidermal growth factor (EGF) endocytosis by combining RNA interference, automated high-resolution confocal microscopy, quantitative multiparametric image analysis and high-performance computing. We identified several novel components of endocytic trafficking, including genes implicated in human diseases. We found that signalling pathways such as Wnt, integrin/cell adhesion, transforming growth factor (TGF)-beta and Notch regulate the endocytic system, and identified new genes involved in cargo sorting to a subset of signalling endosomes. A systems analysis by Bayesian networks further showed that the number, size, concentration of cargo and intracellular position of endosomes are not determined randomly but are subject to specific regulation, thus uncovering novel properties of the endocytic system.},
author = {Collinet, Claudio and St\"{o}ter, Martin and Bradshaw, Charles R and Samusik, Nikolay and Rink, Jochen C and Kenski, Denise and Habermann, Bianca and Buchholz, Frank and Henschel, Robert and Mueller, Matthias S and Nagel, Wolfgang E and Fava, Eugenio and Kalaidzidis, Yannis and Zerial, Marino},
issn = {1476-4687},
journal = {Nature},
keywords = {Computer-Assisted,Computing Methodologies,Confocal,Endocytosis,Endocytosis: physiology,Endosomes,Endosomes: metabolism,Epidermal Growth Factor,Epidermal Growth Factor: metabolism,Gene Expression Profiling,Gene Expression Profiling: methods,Genome-Wide Association Study,Humans,Image Processing,Metabolic Networks and Pathways,Metabolic Networks and Pathways: physiology,Microscopy,Phenotype,Protein Transport,Protein Transport: physiology,RNA Interference,Signal Transduction,Signal Transduction: physiology,Transferrin,Transferrin: metabolism},
month = mar,
number = {7286},
pages = {243--249},
title = {{Systems survey of endocytosis by multiparametric image analysis.}},
volume = {464},
year = {2010}
}

% 23595665 
@Article{Sommer2013,
   Author="Sommer, C.  and Held, M.  and Fischer, B.  and Huber, W.  and Gerlich, D. W. ",
   Title="{{C}ell{H}5: a format for data exchange in high-content screening}",
   Journal="Bioinformatics",
   Year="2013",
   Volume="29",
   Number="12",
   Pages="1580--1582",
   Month="Jun"
}


% 22539675 
@Article{Hoehndorf2012,
   Author="Hoehndorf, R.  and Harris, M. A.  and Herre, H.  and Rustici, G.  and Gkoutos, G. V. ",
   Title="{{S}emantic integration of physiology phenotypes with an application to the {C}ellular {P}henotype {O}ntology}",
   Journal="Bioinformatics",
   Year="2012",
   Volume="28",
   Number="13",
   Pages="1783--1789",
   Month="Jul"
}

% 25255318 
@Article{Suratanee2014,
   Author="Suratanee, A.  and Schaefer, M. H.  and Betts, M. J.  and Soons, Z.  and Mannsperger, H.  and Harder, N.  and Oswald, M.  and Gipp, M.  and Ramminger, E.  and Marcus, G.  and Manner, R.  and Rohr, K.  and Wanker, E.  and Russell, R. B.  and Andrade-Navarro, M. A.  and Eils, R.  and Konig, R. ",
   Title="{{C}haracterizing protein interactions employing a genome-wide si{R}{N}{A} cellular phenotyping screen}",
   Journal="PLoS Comput. Biol.",
   Year="2014",
   Volume="10",
   Number="9",
   Pages="e1003814",
   Month="Sep"
}

% 22577488 
@Article{Ostaszewski2012,
   Author="Ostaszewski, M.  and Eifes, S.  and del Sol, A. ",
   Title="{{E}volutionary conservation and network structure characterize genes of phenotypic relevance for mitosis in human}",
   Journal="PLoS ONE",
   Year="2012",
   Volume="7",
   Number="5",
   Pages="e36488"
}


% 24131777 
@Article{Pau2013,
   Author="Pau, G.  and Walter, T.  and Neumann, B.  and Heriche, J. K.  and Ellenberg, J.  and Huber, W. ",
   Title="{{D}ynamical modelling of phenotypes in a genome-wide {R}{N}{A}i live-cell imaging assay}",
   Journal="BMC Bioinformatics",
   Year="2013",
   Volume="14",
   Pages="308"
}

@article{Glory2007,
author = {Glory, Estelle and Murphy, Robert F},
doi = {10.1016/j.devcel.2006.12.007},
file = {:Users/twalter/Documents/Mendeley Desktop/Glory, Murphy/2007/Glory, Murphy\_2007\_Developmental cell\_Automated subcellular location determination and high-throughput microscopy.pdf:pdf},
issn = {1534-5807},
journal = {Developmental cell},
keywords = {Animals,Automation,Automation: methods,Cells,Cells: cytology,Cells: metabolism,Databases, Factual,Humans,Microscopy, Fluorescence,Microscopy, Fluorescence: methods,Protein Transport,Time Factors},
mendeley-groups = {Bioimage Informatics},
month = jan,
number = {1},
pages = {7--16},
pmid = {17199037},
title = {{Automated subcellular location determination and high-throughput microscopy.}},
url = {http://www.ncbi.nlm.nih.gov/pubmed/17199037},
volume = {12},
year = {2007}
}

% 24097269 
@Article{Battich2013,
   Author="Battich, N.  and Stoeger, T.  and Pelkmans, L. ",
   Title="{{I}mage-based transcriptomics in thousands of single human cells at single-molecule resolution}",
   Journal="Nat. Methods",
   Year="2013",
   Volume="10",
   Number="11",
   Pages="1127--1133",
   Month="Nov"
}

% 15539606 
@Article{Perlman2004,
   Author="Perlman, Z. E.  and Slack, M. D.  and Feng, Y.  and Mitchison, T. J.  and Wu, L. F.  and Altschuler, S. J. ",
   Title="{{M}ultidimensional drug profiling by automated microscopy}",
   Journal="Science",
   Year="2004",
   Volume="306",
   Number="5699",
   Pages="1194--1198",
   Month="Nov"
}

% 19854275 
@Article{Walter2010,
   Author="Walter, T.  and Held, M.  and Neumann, B.  and Heriche, J. K.  and Conrad, C.  and Pepperkok, R.  and Ellenberg, J. ",
   Title="{{A}utomatic identification and clustering of chromosome phenotypes in a genome wide {R}{N}{A}i screen by time-lapse imaging}",
   Journal="J. Struct. Biol.",
   Year="2010",
   Volume="170",
   Number="1",
   Pages="1--9",
   Month="Apr"
}

@article{Carpenter2006,
abstract = {Biologists can now prepare and image thousands of samples per day using automation, enabling chemical screens and functional genomics (for example, using RNA interference). Here we describe the first free, open-source system designed for flexible, high-throughput cell image analysis, CellProfiler. CellProfiler can address a variety of biological questions quantitatively, including standard assays (for example, cell count, size, per-cell protein levels) and complex morphological assays (for example, cell/organelle shape or subcellular patterns of DNA or protein staining).},
author = {Carpenter, Anne E and Jones, Thouis R and Lamprecht, Michael R and Clarke, Colin and Kang, In Han and Friman, Ola and Guertin, David a and Chang, Joo Han and Lindquist, Robert a and Moffat, Jason and Golland, Polina and Sabatini, David M},
doi = {10.1186/gb-2006-7-10-r100},
file = {:Users/twalter/Documents/Mendeley Desktop/Carpenter et al/2006/Carpenter et al.\_2006\_Genome biology\_CellProfiler image analysis software for identifying and quantifying cell phenotypes.pdf:pdf},
issn = {1465-6914},
journal = {Genome biology},
keywords = {Dose-Response Relationship, Drug,Gene Expression Profiling,Image Processing, Computer-Assisted,Models, Genetic,Mutation,Phenotype,Reproducibility of Results,Software},
mendeley-groups = {Bioimage Informatics},
month = jan,
number = {10},
pages = {R100},
pmid = {17076895},
title = {{CellProfiler: image analysis software for identifying and quantifying cell phenotypes.}},
url = {http://www.pubmedcentral.nih.gov/articlerender.fcgi?artid=1794559\&tool=pmcentrez\&rendertype=abstract},
volume = {7},
year = {2006}
}
